/bibitem https://math.libretexts.org/Bookshelves/PreAlgebra/Fundamentals_of_Mathematics_(Burzynski_and_Ellis)/01%3A_Addition_and_Subtraction_of_Whole_Numbers/1.04%3A_Addition_of_Whole_Numbers